<?xml version="1.0" encoding="UTF-8" ?>
<record Numero="16215405" format="InterXMarc_Complet" type="Authority">
<leader>00583n1 au22000272  45  <Pos Code="0004">00583</Pos>
<Pos Code="05" Sens="notice nouvelle">n</Pos>
<Pos Code="06" Sens="notice validée en catalogage courant">1</Pos>
<Pos Code="08" Sens="notice d&apos;autorité">a</Pos>
<Pos Code="09" Sens="titre uniforme musical (TUM)">u</Pos>
<Pos Code="10">2</Pos>
<Pos Code="11">2</Pos>
<Pos Code="1216">00027</Pos>
<Pos Code="17" Sens="autres cas">2</Pos>
<Pos Code="20">4</Pos>
<Pos Code="21">5</Pos>
</leader>
<controlfield tag="001">FRBNF162154052<Pos Code="0001">FR</Pos>
<Pos Code="0204">BNF</Pos>
<Pos Code="0512">16215405</Pos>
<Pos Code="13">2</Pos>
</controlfield>
<controlfield tag="008">100708      yyfre mld       1912                             1   <Pos Code="0001">10</Pos>
<Pos Code="0203">07</Pos>
<Pos Code="0405">08</Pos>
<Pos Code="1213" Sens="ne s&apos;applique pas">yy</Pos>
<Pos Code="1416" Sens="français">fre</Pos>
<Pos Code="1820" Sens="mélodie">mld</Pos>
<Pos Code="2831">1912</Pos>
<Pos Code="61" Sens="La vedette peut être liée à une notice bibliographique sauf pour l&apos;accès matière RAMEAU">1</Pos>
</controlfield>
<datafield tag="048" ind1=" " ind2=" ">
	<subfield code="b">vz01<Pos Code="0001" Sens="voix - non spécifié">vz</Pos>
<Pos Code="02">0</Pos>
<Pos Code="03">1</Pos>
</subfield>
	<subfield code="a">ka01<Pos Code="0001" Sens="clavier - piano">ka</Pos>
<Pos Code="02">0</Pos>
<Pos Code="03">1</Pos>
</subfield>
</datafield>
<datafield tag="100" ind1=" " ind2=" ">
	<subfield code="3">13900844</subfield>
	<subfield code="w"> 0  b     </subfield>
	<subfield code="a">Vierne</subfield>
	<subfield code="m">Louis</subfield>
	<subfield code="d">1870-1937</subfield>
</datafield>
<datafield tag="144" ind1="1" ind2=" ">
	<subfield code="w">....b.fre.</subfield>
	<subfield code="a">Stances d&apos;amour et de rêve</subfield>
	<subfield code="p">Op. 29</subfield>
</datafield>
<datafield tag="600" ind1=" " ind2=" ">
	<subfield code="a">Sur des poèmes de Sully-Prudhomme</subfield>
	<subfield code="a">Date de composition : 1912</subfield>
	<subfield code="a">Éd. : Durand</subfield>
</datafield>
<datafield tag="600" ind1=" " ind2=" ">
	<subfield code="a">Comprend : &quot;Les chaînes&quot; ; &quot;Chanson de mer&quot; ; &quot;À l&apos;hirondelle&quot; ; &quot;Ressemblance&quot; ; &quot;Le galop&quot;</subfield>
</datafield>
<datafield tag="610" ind1=" " ind2=" ">
	<subfield code="a">Grove music online</subfield>
	<subfield code="u">http://www.oxfordmusiconline.com/</subfield>
	<subfield code="d">2010-07-08</subfield>
</datafield>
<datafield tag="610" ind1=" " ind2=" ">
	<subfield code="a">Poèmes de l&apos;amour [Enregistrement sonore] / Louis Vierne, comp. Timpani 1C1091</subfield>
</datafield>
<Alter Ori="13900844">
<datafield tag="400" ind1=" " ind2=" ">
	<subfield code="w">    b     </subfield>
	<subfield code="a">Vierne</subfield>
	<subfield code="m">Louis-Victor-Jules</subfield>
	<subfield code="d">1870-1937</subfield>
</datafield>
</Alter>
<Attr Nom="IDPerenne">ark:/12148/cb16215405k</Attr>
<Attr Nom="Source" Sens="BnF catalogue général (depuis 1999)">A</Attr>
<Attr Nom="NumAutoriteLiee">13900844</Attr>
<Attr Nom="DateCreation">08/07/ 2010</Attr>
<Attr Nom="ResponsableCreation">DELARUE DAPHNE</Attr>
<Attr Nom="StructCreation">72</Attr>
<Attr Nom="DateDerniereValidation">09/11/ 2010</Attr>
<Attr Nom="ResponsableDerniereValidation">MIGV4</Attr>
<Attr Nom="StructPremiereValidation">72</Attr>
<Attr Nom="DatePremiereValidation">08/07/ 2010</Attr>
<Attr Nom="ResponsablePremiereValidation">DELARUE DAPHNE</Attr>
<Attr Nom="StructDerniereValidation">1</Attr>
</record>
